@article{AcunaEtAl2014,
  title   = {Gender and number agreement in comprehension in {S}panish},
  author  = {Acu{\~n}a-Fari{\~n}a, Juan Carlos and Meseguer, Enrique and Carreiras, Manuel},
  journal = {Lingua},
  volume  = {143},
  pages   = {108--128},
  year    = {2014},
  doi     = {10.1016/j.lingua.2014.01.013}
}

@article{AllenEtAl2003,
  title     = {Morphological analysis in sentence processing: An {ERP} study},
  author    = {Allen, Mark and Badecker, William and Osterhout, Lee},
  journal   = {Language and Cognitive Processes},
  volume    = {18},
  doi = {10.1080/01690960244000054},
  number    = {4},
  pages     = {405--430},
  year      = {2003},
  publisher = {Taylor \& Francis}
}

@article{ArnettWagers:2017,
  title   = {Subject encodings and retrieval interference},
  journal = {Journal of Memory and Language},
  volume  = {93},
  pages   = {22--54},
  year    = {2017},
  doi     = {10.1016/j.jml.2016.07.005},
  author  = {Nathan Arnett and Matthew Wagers}
}

@phdthesis{Arslan2006,
  title   = {Case as an uninterpretable feature},
  author  = {Arslan-Kechriotis, Ceyda},
  year    = {2006},
  school  = {Bo\u{g}azi\c{c}i University},
  address = {\.Istanbul, T\"urkiye}
}

@book{Arslan2009,
  title     = {Determiner phrase and case in {T}urkish: A minimalist account},
  author    = {Arslan-Kechriotis, Ceyda},
  address  = {Saarbr{\"u}cken, Germany},
  publisher = {VDM Publishing House},
  year      = {2009}
}

@article{AvetisyanEtAl:2020,
  title   = {Does case marking affect agreement attraction in comprehension?},
  journal = {Journal of Memory and Language},
  volume  = {112},
  pages   = {104087},
  year    = {2020},
  doi     = {10.1016/j.jml.2020.104087},
  author  = {Serine Avetisyan and Sol Lago and Shravan Vasishth}
}
@phdthesis{Aygen2002,
  author  = {Aygen,Nigar G.},
  year    = {2002},
  title   = {Finiteness, case and clausal architecture},
  school  = {Harvard University},
  address = {Cambridge, MA}
}

@phdthesis{Aygunes13,
  title   = {T{\"u}rk{\c{c}}ede uyum {\"o}zelliklerinin Olaya {\.I}li{\c{s}}kin Beyin Potansiyelleri (O{\.I}P) {\c{c}}er{\c{c}}evesinde incelenmesi},
  author  = {Ayg{\"u}ne{\c{s}}, Mehmet},
  school  = {Ankara University},
  year    = {2013},
  address = {Ankara, T\"urkiye}
}

@article{AygunesEtAl21,
  journal   = {{Dilbilim Ara\c{s}t{\i}rmalar{\i} Dergisi}},
  publisher = {{B\"UTEK Bo\u{g}azi\c{c}i E\u{g}itim Turizm Teknopark Uygulama ve Dan. Hiz. San. Tic. A.\c{S}.}},
  year      = {2021},
  volume    = {32},
  number    = {1},
  pages     = {31--52},
  doi       = {10.18492/dad.779572},
  title     = {{Processing of Person and Number features in Turkish: An Event Related Potentials (ERP) Study}},
  author    = {Ayg\"une\c{s},  Mehmet and Ka\c{s}{\i}k\c{c}{\i}, It{\i}r and Ayd{\i}n, \"Ozg\"ur and Demiralp, Tamer}
}

@article{BaayenEtAl97,
  title     = {Singulars and plurals in {D}utch: Evidence for a parallel dual-route model},
  author    = {Baayen, R Harald and Dijkstra, Ton and Schreuder, Robert},
  journal   = {Journal of Memory and Language},
  volume    = {37},
  number    = {1},
  doi       = {10.1006/jmla.1997.2509},
  pages     = {94--117},
  year      = {1997},
  publisher = {Elsevier}
}

@article{BabyGibson99,
  title     = {The complexity of nested structures in {J}apanese},
  author    = {Babyonyshev, Maria and Gibson, Edward},
  journal   = {Language},
  pages     = {423--450},
  volume    = {75},
  number    = {3},
  year      = {1999},
  publisher = {Linguistic Society of America},
  doi       = {10.2307/417056}
}

@article{BadeckerKuminiak2007,
  title     = {Morphology, agreement and working memory retrieval in sentence production: Evidence from gender and case in {S}lovak},
  author    = {Badecker, William and Kuminiak, Frantisek},
  journal   = {Journal of Memory and Language},
  volume    = {56},
  number    = {1},
  doi       = {10.1016/j.jml.2006.08.004},
  pages     = {65--85},
  year      = {2007},
  publisher = {Elsevier}
}

@article{BaderHaussler2010,
  title     = {Toward a model of grammaticality judgments},
  author    = {Bader, Markus and H{\"a}ussler, Jana},
  journal   = {Journal of Linguistics},
  volume    = {46},
  number    = {2},
  doi       = {10.1017/S0022226709990260},
  pages     = {273--330},
  year      = {2010},
  publisher = {Cambridge University Press}
}

@article{BartonSanford93,
  title     = {A case study of anomaly detection: Shallow semantic processing and cohesion establishment},
  author    = {Barton, Stephen B and Sanford, Anthony J},
  journal   = {Memory \& Cognition},
  volume    = {21},
  number    = {4},
  doi       = {10.3758/BF03197179},
  pages     = {477--487},
  year      = {1993},
  publisher = {Springer}
}


@article{BhatiaDillon:2020,
  title     = {Processing agreement in {H}indi: When agreement feeds attraction},
  author    = {Bhatia, Sakshi and Dillon, Brian},
  journal   = {Journal of Memory and Language},
  volume    = {125},
  pages     = {104322},
  doi       = {10.1016/j.jml.2022.104322},
  year      = {2022},
  publisher = {Elsevier}
}

@article{BockCutting1992,
  title     = {Regulating mental energy: {P}erformance units in language production},
  author    = {Bock, Kathryn and Cutting, John Cooper},
  journal   = {Journal of Memory and Language},
  doi       = {10.1016/0749-596X(92)90007-K},
  volume    = {31},
  number    = {1},
  pages     = {99--127},
  year      = {1992},
  publisher = {Elsevier}
}

@article{BockEberhard93,
  title     = {Meaning, sound and syntax in {E}nglish number agreement},
  author    = {Bock, Kathryn and Eberhard, Kathleen M},
  journal   = {Language and Cognitive Processes},
  volume    = {8},
  number    = {1},
  pages     = {57--99},
  doi       = {10.1080/01690969308406949},
  year      = {1993},
  publisher = {Taylor \& Francis}
}

@article{BockEtAl2001,
  title     = {Some attractions of verb agreement},
  author    = {Bock, Kathryn and Eberhard, Kathleen M and Cutting, John Cooper and Meyer, Antje S and Schriefers, Herbert},
  journal   = {Cognitive Psychology},
  volume    = {43},
  doi       = {10.1006/cogp.2001.0753},
  number    = {2},
  pages     = {83--128},
  year      = {2001},
  publisher = {Elsevier}
}

@article{BockMiller:1991,
  title     = {Broken agreement},
  author    = {Bock, Kathryn and Miller, Carol A},
  journal   = {Cognitive Psychology},
  volume    = {23},
  doi       = {10.1016/0010-0285(91)90003-7},
  number    = {1},
  pages     = {45--93},
  year      = {1991},
  publisher = {Elsevier}
}

@R{BrehmAlday2020,
  title        = {Time to set your contrasts},
  note = {Retrieved from https://osf.io/jkpxt},
  author       = {Brehm, Laurel and Alday, Phillip M},
  year         = {2022}
}

@article{BrehmBock2013,
  title     = {What counts in grammatical number agreement?},
  author    = {Brehm, Laurel and Bock, Kathryn},
  journal   = {Cognition},
  doi       = {10.1016/j.cognition.2013.03.009},
  volume    = {128},
  number    = {2},
  pages     = {149--169},
  year      = {2013},
  publisher = {Elsevier}
}

@article{BrehmEtAl2020,
  title     = {The role of word frequency and morpho-orthography in agreement processing},
  author    = {Brehm, Laurel and Hussey, Erika and Christianson, Kiel},
  journal   = {Language, Cognition and Neuroscience},
  volume    = {35},
  doi       = {10.1080/23273798.2019.1631456},
  number    = {1},
  pages     = {58--77},
  year      = {2020},
  publisher = {Taylor \& Francis}
}

@book{C20,
  title     = {Minimalist inquiries: The framework},
  author    = {Chomsky, Noam},
  year      = {1998},
  address   = {Cambridge, MA},
  publisher = {The MIT press}
}

@incollection{C21,
  author    = {Chomsky, Noam},
  editor    = {Michael Kenstowicz},
  title     = {{Derivation by phase}},
  booktitle = {{Ken Hale: A life in language}},
  publisher = {The MIT Press},
  address  = {Cambridge, MA},
  doi       = {10.7551/mitpress/4056.003.0004},
  year      = {2001},
  month     = {04}
}


@book{C65,
  title     = {Aspects of the theory of syntax},
  author    = {Chomsky, Noam},
  year      = {1965},
  address   = {Cambridge, MA},
  publisher = {The MIT press}
}

@book{C86,
  title     = {Barriers},
  author    = {Chomsky, Noam},
  series    = {Linguistic Inquiry Monographs},
  year      = {1986},
  address   = {Cambridge, MA},
  publisher = {The MIT Press}
}

@phdthesis{Caha2009,
  title   = {The nanosyntax of case},
  author  = {Caha, Pavel},
  year    = {2009},
  school  = {Universitetet i Troms{\o}},
  address = {Troms{\o}, Norway}
}


@book{Chomsky93,
author = {Noam Chomsky},
title = {Lectures on Government and Binding: The Pisa lectures},
year = {1993},
publisher = {De Gruyter Mouton},
address = {Berlin, Germany}
}


@article{ChowEtAl2018,
  title     = {Effects of subject-case marking on agreement processing: {ERP} evidence from {B}asque},
  author    = {Chow, Wing-Yee and Nevins, Andrew and Carreiras, Manuel},
  journal   = {Cortex},
  doi       = {10.1016/j.cortex.2017.12.009},
  volume    = {99},
  pages     = {319--329},
  year      = {2018},
  publisher = {Elsevier}
}

 @article{Christianson2016,
  title     = {When language comprehension goes wrong for the right reasons: Good-enough, underspecified, or shallow language processing},
  author    = {Christianson, Kiel},
  journal   = {Quarterly Journal of Experimental Psychology},
  volume    = {69},
  number    = {5},
  pages     = {817--828},
  doi       = {10.1080/17470218.2015.1134603},
  year      = {2016},
  publisher = {SAGE Publications Sage UK: London, England}
}


@article{ChristiansonEtAl2001,
  title     = {Thematic roles assigned along the garden path linger},
  author    = {Christianson, Kiel and Hollingworth, Andrew and Halliwell, John F and Ferreira, Fernanda},
  journal   = {Cognitive Psychology},
  volume    = {42},
  number    = {4},
  doi       = {10.1006/cogp.2001.0752},
  pages     = {368--407},
  year      = {2001},
  publisher = {Elsevier}
}

@article{CM68,
  title   = {Introduction to the formal analysis of natural languages},
  author  = {Chomsky, Noam and Miller, George A},
  journal = {Journal of Symbolic Logic},
  volume  = {33},
  doi     = {10.1515/9783111541587},
  number  = {2},
  year    = {1968}
}

@article{Cohen92,
  title     = {The statistical power of abnormal-social psychological research: {A} review},
  author    = {Cohen, Jacob},
  journal   = {The Journal of Abnormal and Social Psychology},
  volume    = {65},
  doi       = {10.1037/h0045186},
  number    = {3},
  pages     = {145--153},
  year      = {1962},
  publisher = {American Psychological Association}
}


@R{ComrieEtAl2010,
  title   = {{\it The {L}eipzig {G}lossing {R}ules: {C}onventions for interlinear morpheme-by-morpheme glosses}},
  author  = {Comrie, Bernard and Haspelmath, Martin and Bickel, Balthasar},
  year    = {2008},
  note = {Retrieved from the Max Planck Institute for Evolutionary Anthropology Department of Linguistics website: https://www.eva.mpg.de/lingua/resources/glossing-rules.php}
}

@article{CopelandRadvansky2001,
  title     = {Phonological similarity in working memory},
  author    = {Copeland, David E and Radvansky, Gabriel A},
  journal   = {Memory \& Cognition},
  volume    = {29},
  doi       = {10.3758/BF03200480},
  number    = {5},
  pages     = {774--776},
  year      = {2001},
  publisher = {Springer}
}

@article{Cousineau2005,
  title   = {Confidence intervals in within-subject designs: {A} simpler solution to {L}oftus and {M}asson's method},
  author  = {Cousineau, Denis},
  doi     = {10.20982/tqmp.01.1.p042},
  journal = {Tutorials in quantitative methods for psychology},
  volume  = {1},
  number  = {1},
  pages   = {42--45},
  year    = {2005}
}

@phdthesis{Dede78,
  title   = {A syntactic and semantic analysis of {T}urkish nominal compounds},
  author  = {Dede, Muserref Agan},
  year    = {1978},
  school  = {University of Michigan},
  address = {Ann Arbor, MI}
}

@article{Dell1986,
  title     = {A spreading-activation theory of retrieval in sentence production},
  author    = {Dell, Gary S},
  journal   = {Psychological review},
  volume    = {93},
  doi       = {10.1037/0033-295X.93.3.283},
  number    = {3},
  pages     = {283--321},
  year      = {1986},
  publisher = {American Psychological Association}
}

@article{Dell88,
  title   = {The retrieval of phonological forms in production: {T}ests of predictions from a connectionist model},
  journal = {Journal of Memory and Language},
  volume  = {27},
  number  = {2},
  pages   = {124--142},
  year    = {1988},
  doi     = {10.1016/0749-596X(88)90070-8},
  author  = {Gary S Dell}
}

@article{DeutschDank2011,
  title     = {Symmetric and asymmetric patterns of attraction errors in producing subject--predicate agreement in {H}ebrew: An issue of morphological structure},
  author    = {Deutsch, Avital and Dank, Maya},
  journal   = {Language and Cognitive Processes},
  volume    = {26},
  number    = {1},
  doi       = {10.1080/01690961003658420},
  pages     = {24--46},
  year      = {2011},
  publisher = {Taylor \& Francis}
}


@article{Dillon2013a,
  title   = {Contrasting intrusion profiles for agreement and anaphora: {E}xperimental and modeling evidence},
  journal = {Journal of Memory and Language},
  volume  = {69},
  number  = {2},
  pages   = {85--103},
  year    = {2013},
  doi     = {10.1016/j.jml.2013.04.003},
  author  = {Brian Dillon and Alan Mishler and Shayne Sloggett and Colin Phillips}
}

@article{DillonWagers2019,
  place      = {Cambridge},
  series     = {Cambridge Handbooks in Language and Linguistics},
  title      = {Approaching Gradience in Acceptability with the Tools of Signal Detection Theory},
  doi        = {10.1017/9781108569620.004},
  booktitle  = {The Cambridge Handbook of Experimental Syntax},
  publisher  = {Cambridge University Press},
  author     = {Dillon, Brian and Wagers, Matthew W.},
  editor     = {Goodall, GrantEditor},
  year       = {2021},
  pages      = {62--96},
  collection = {Cambridge Handbooks in Language and Linguistics}
}

@R{Drummond2013,
  title   = {{\it Ibex farm}},
  author  = {Drummond, Alex},
  note = {https://spellout.net/ibexfarm},
  year    = {2013}
}

@article{Eberhard1999,
  title     = {The accessibility of conceptual number to the processes of subject--verb agreement in {E}nglish},
  author    = {Eberhard, Kathleen M},
  journal   = {Journal of Memory and Language},
  volume    = {41},
  doi       = {10.1006/jmla.1999.2662},
  number    = {4},
  pages     = {560--578},
  year      = {1999},
  publisher = {Elsevier}
}

@article{Eberhard97,
  title   = {The marked effect of number on subject-verb agreement},
  journal = {Journal of Memory and Language},
  volume  = {36},
  number  = {2},
  pages   = {147--164},
  year    = {1997},
  doi     = {10.1006/jmla.1996.2484},
  author  = {Kathleen M. Eberhard}
}

@article{EberhardEtAl2005,
  title     = {{M}aking syntax of sense: {N}umber agreement in sentence production},
  author    = {Eberhard, Kathleen M. and Cutting, J. Cooper and Bock, Kathryn},
  journal   = {Psychological review},
  volume    = {112},
  number    = {3},
  pages     = {531--559},
  doi       = {10.1037/0033-295X.112.3.531},
  year      = {2005},
  publisher = {American Psychological Association}
}

@article{Enc1991,
  title     = {The semantics of specificity},
  author    = {En{\c{c}}, M{\"u}rvet},
  journal   = {Linguistic Inquiry},
  pages     = {1--25},
  volume    = {22},
  number    = {1},
  year      = {1991},
  publisher = {The MIT Press}
}

@article{EricksonMattson81,
  title     = {From words to meaning: A semantic illusion},
  author    = {Erickson, Thomas D and Mattson, Mark E},
  journal   = {Journal of Verbal Learning and Verbal Behavior},
  volume    = {20},
  number    = {5},
  pages     = {540--551},
  doi       = {10.1016/S0022-5371(81)90165-1},
  year      = {1981},
  publisher = {Elsevier}
}

@article{FayolEtAl94,
  title     = {Cognitive overload and orthographic errors: When cognitive overload enhances subject--verb agreement errors. {A} study in {F}rench written language},
  author    = {Fayol, Michel and Largy, Pierre and Lemaire, Patrick},
  journal   = {The Quarterly Journal of Experimental Psychology},
  volume    = {47},
  number    = {2},
  doi       = {10.1080/14640749408401119},
  pages     = {437--464},
  year      = {1994},
  publisher = {Taylor \& Francis}
}

@inproceedings{FedorenkoEtAl2004,
  author    = {Fedorenko, Evelina and Babyonyshev, Maria and Gibson, Edward},
  booktitle = {Proceedings of North East Linguistics Society 34},
  editor    = {Matthew Wolf and Keir Moulton},
  address  = {Amherst, MA},
  volume    = {34},
  pages     = {215--226},
  title     = {The nature of case interference in online sentence processing in {R}ussian},
  publisher    = {GLSA Publisher},
  year      = {2004}
}

@article{Ferreira2003,
  title     = {The misinterpretation of noncanonical sentences},
  author    = {Ferreira, Fernanda},
  journal   = {Cognitive Psychology},
  volume    = {47},
  number    = {2},
  pages     = {164--203},
  doi       = {10.1016/S0010-0285(03)00005-7},
  year      = {2003},
  publisher = {Elsevier}
}

@book{FodorEtAl74,
  publisher = {McGraw Hill},
  author    = {Fodor, Jerry A. and Bever, T. G. and Garrett, M. F.},
  year      = {1974},
  title     = {The psychology of language: {A}n introduction to psycholinguistics and {G}enerative {G}rammar},
  address  = {New York, NY}
}

@article{FranckEtAl2002,
  title     = {Subject-verb agreement errors in {F}rench and {E}nglish: {T}he role of syntactic hierarchy},
  author    = {Franck, Julie and Vigliocco, Gabriella and Nicol, Janet},
  journal   = {Language and Cognitive Processes},
  volume    = {17},
  doi       = {10.1080/01690960143000254},
  number    = {4},
  pages     = {371--404},
  year      = {2002},
  publisher = {Taylor \& Francis}
}

@article{FranckEtAl2006,
  title     = {Agreement and movement: A syntactic analysis of attraction},
  author    = {Franck, Julie and Lassi, Glenda and Frauenfelder, Ulrich H and Rizzi, Luigi},
  journal   = {Cognition},
  volume    = {101},
  number    = {1},
  doi       = {10.1016/j.cognition.2005.10.003},
  pages     = {173--216},
  year      = {2006},
  publisher = {Elsevier}
}

@article{FranckEtAl2010,
  title     = {Object interference in subject--verb agreement: The role of intermediate traces of movement},
  author    = {Franck, Julie and Soare, Gabriela and Frauenfelder, Ulrich H and Rizzi, Luigi},
  journal   = {Journal of Memory and Language},
  volume    = {62},
  doi       = {10.1016/j.jml.2009.11.001},
  number    = {2},
  pages     = {166--182},
  year      = {2010},
  publisher = {Elsevier}
}

@inproceedings{Furkan2021,
  author    = {Dikmen, Furkan},
  year      = {2021},
  month     = {06},
  address   = {Cambridge, MA},
  publisher = {The MIT Press},
  editor    = {Julia Sinitsyna and Sergei Tatevosov},
  pages     = {15--27},
  title     = {Associative Plurality in {T}urkish},
  booktitle = {Procedings of the 15th Workshop on Altaic Formal Linguistics (WAFL15)}
}


@book{GazdarEtAl85,
  title     = {Generalized Phrase Structure Grammar},
  author    = {Gazdar, Gerald and Klein, Ewan and Pullum, Geoffrey K and Sag, Ivan A},
  year      = {1985},
  publisher = {Harvard University Press},
  address  = {Cambridge, MA}
}

@book{GelmanHill:2007,
  address   = {Cambridge, UK},
  title     = {Data {analysis} {using} {regression} and {multilevel}/{hierarchical} {models}},
  doi       = {10.1017/CBO9780511790942},
  publisher = {Cambridge University Press},
  author    = {Gelman, Andrew and Hill, Jennifer},
  year      = {2007}
}

@R{ggplot,
  title   = {{\it ggplot2: Elegant graphics for data analysis}},
  author  = {Wickham, Hadley and Wickham, Maintainer Hadley},
  note = {https://ggplot2.tidyverse.org.},
  year    = {2007}
}



@article{GibsonEtAl2013,
  title     = {Rational integration of noisy evidence and prior semantic expectations in sentence interpretation},
  author    = {Gibson, Edward and Bergen, Leon and Piantadosi, Steven T},
  journal   = {Proceedings of the National Academy of Sciences},
  volume    = {110},
  number    = {20},
  doi       = {10.1073/pnas.1216438110},
  pages     = {8051--8056},
  year      = {2013},
  publisher = {National Acad Sciences}
}

@article{GibsonThomas99,
  title     = {Memory limitations and structural forgetting: The perception of complex ungrammatical sentences as grammatical},
  author    = {Gibson, Edward and Thomas, James},
  journal   = {Language and Cognitive Processes},
  volume    = {14},
  number    = {3},
  pages     = {225--248},
  doi       = {10.1080/016909699386293},
  year      = {1999},
  publisher = {Taylor \& Francis}
}

@article{GigerenzerSelten2001,
  title   = {Rethinking Rationality},
  journal = {Topics in Cognitive Science},
  volume  = {14},
  number  = {3},
  pages   = {451--466},
  author  = {Gigerenzer, Gerd and Selten, Reinhard},
  doi     = {10.1111/tops.12585},
  year    = {2022}
}


@article{Goksel2009,
  title     = {Compounds in {T}urkish},
  author    = {G{\"o}ksel, Asl{\i}},
  journal   = {Lingue e linguaggio},
  doi       = {10.1418/30928},
  volume    = {8},
  number    = {2},
  pages     = {213--236},
  year      = {2009},
  publisher = {Societ{\`a} editrice il Mulino}
}

@book{GokselKerslake2005,
  title     = {Turkish: A comprehensive grammar},
  author    = {G{\"o}ksel, Asl{\i} and Kerslake, Celia},
  year      = {2005},
  publisher = {Routledge},
  address    = {New York, NY}
}

@mastersthesis{Goksu2018,
  title   = {Subject infitinives in {T}urkish},
  author  = {G{\"o}ksu, Duygu},
  school  = {Bo{\u{g}}azi{\c{c}}i University},
  address = {{\.I}stanbul, Turkey},
  year    = {2017}
}


@book{GreenSwets1966,
  title     = {Signal Detection theory and psychophysics},
  author    = {Green, David Marvin and Swets, John A},
  year      = {1966},
  publisher = {John Wiley and Sons, Inc.},
  address      = {New York, NY}
}

@article{HalleMarantz94,
  title   = {{Some key features of Distributed Morphology}},
  author  = {Halle, Morris and Marantz, Alec},
  journal = {MIT Working Papers in Linguistics},
  volume  = {21},
  pages   = {275--288},
  year    = {1994}
}


@article{HammerlyEtAl2019,
  title   = {The grammaticality asymmetry in agreement attraction reflects response bias: {E}xperimental and modeling evidence},
  journal = {Cognitive Psychology},
  volume  = {110},
  pages   = {70--104},
  year    = {2019},
  doi     = {10.1016/j.cogpsych.2019.01.001},
  author  = {Christopher Hammerly and Adrian Staub and Brian Dillon}
}

@article{HarleyNoyer99,
  title   = {Distributed {M}orphology},
  author  = {Harley, Heidi and Noyer, Rolf},
  journal = {Glot International},
  volume  = {4},
  number  = {4},
  pages   = {3--9},
  year    = {1999}
}

@article{HartsuikerEtAl2003,
  title     = {Morphophonological influences on the construction of subject--verb agreement},
  author    = {Hartsuiker, Robert J and Schriefers, Herbert J and Bock, Kathryn and Kikstra, Gerdien M},
  journal   = {Memory \& Cognition},
  volume    = {31},
  doi       = {10.3758/bf03195814},
  number    = {8},
  pages     = {1316--1326},
  year      = {2003},
  publisher = {Springer}
}

@article{HaskellMacDonald2003,
  title     = {Conflicting cues and competition in subject--verb agreement},
  author    = {Haskell, Todd R and MacDonald, Maryellen C},
  journal   = {Journal of Memory and Language},
  volume    = {48},
  doi       = {10.1016/S0749-596X(03)00010-X},
  number    = {4},
  pages     = {760--778},
  year      = {2003},
  publisher = {Elsevier}
}

@article{HaskellMacDonald2005,
  title     = {Constituent structure and linear order in language production: {E}vidence from subject-verb agreement},
  author    = {Haskell, Todd R and MacDonald, Maryellen C},
  doi       = {10.1037/0278-7393.31.5.891},
  journal   = {Journal of Experimental Psychology: Learning, Memory, and Cognition},
  volume    = {31},
  number    = {5},
  pages     = {891--904},
  year      = {2005},
  publisher = {American Psychological Association}
}

@article{Haspelmath2004,
  title   = {Coordinating constructions: An overview},
  author  = {Haspelmath, Martin and others},
  journal = {Typological Studies in Language},
  volume  = {58},
  pages   = {3--40},
  doi     = {10.1075/tsl.58.03has},
  year    = {2004}
}

@R{Haspelmath2014,
  title   = {{\it The {L}eipzig style rules for linguistics}},
  author  = {Haspelmath, Martin},
  note = {Retrieved from Max Planck Institute for Evolutionary Anthropology Department of Linguistics website: https://www.eva.mpg.de/lingua/pdf/GenericStyleRules.pdf},
  year    = {2014}
}

@R{BetancourtEtAl2020,
    title = {{Prior choice recommendations [Web log post]}},
    author = {Michael Betancourt and Aki Vehtari and Andrew Gelman and Mike Lawrence and Shyam Saladi and Buck Shlegeris and Patrick Wilson and Ben Bales and D. P. Simpson and Allen Riddell},
    note = {Retrieved from https://github.com/stan-dev/stan/wiki/Prior-Choice-Recommendations},
    year = {2020, April 18}
}

@article{HatsuikerEtAl2001,
  title     = {Object attraction in subject-verb agreement construction},
  author    = {Hartsuiker, Robert J and Ant{\'o}n-M{\'e}ndez, In{\'e}s and Van Zee, Marije},
  journal   = {Journal of Memory and Language},
  volume    = {45},
  number    = {4},
  doi       = {10.1006/jmla.2000.2787},
  pages     = {546--572},
  year      = {2001},
  publisher = {Elsevier}
}

@inproceedings{HeusingerBamyaci2017,
  title     = {Specificity effects of {T}urkish differential object marking},
  author    = {von Heusinger, Klaus and Bamyac{\i}, Elif},
  editor    = {Leyla Zidani-Ero\u{g}lu, Matthew Ciscel and Elena Koulidobrova},
  booktitle = {Proceedings of the 12th Workshop on Altaic Formal Linguistics (WAFL 12)},
  address   = {Cambridge, MA},
  publisher = {The MIT Press},
  pages     = {309--319},
  year      = {2017}
}

@article{HeusingerKornfilt2005,
  title     = {The case of the direct object in {T}urkish: Semantics, syntax and morphology},
  author    = {von Heusinger, Klaus and Kornfilt, Jaklin},
  journal   = {Turkic Languages},
  volume    = {9},
  pages     = {3--44},
  year      = {2005},
  publisher = {Citeseer}
}

@article{HumphreysBock2005,
  title     = {Notional number agreement in {E}nglish},
  author    = {Humphreys, Karin R and Bock, Kathryn},
  doi       = {10.3758/BF03196759},
  journal   = {Psychonomic Bulletin \& Review},
  volume    = {12},
  number    = {4},
  pages     = {689--695},
  year      = {2005},
  publisher = {Springer}
}

@article{JagerEtAl2020,
  title   = {Interference patterns in subject-verb agreement and reflexives revisited: A large-sample study},
  journal = {Journal of Memory and Language},
  volume  = {111},
  pages   = {104063},
  year    = {2020},
  doi     = {10.1016/j.jml.2019.104063},
  author  = {Lena A. J\"ager and Daniela Mertzen and Julie A. {Van Dyke} and Shravan Vasishth}
}
@book{Jeffreys1998,
  title     = {The theory of probability},
  author    = {Jeffreys, Harold},
  year      = {1961},
  publisher = {Oxford University Press},
  address = {Oxford, UK}
}
@article{K18,
  title     = {{The Bayesian New Statistics: Hypothesis testing, estimation, meta-analysis, and power analysis from a Bayesian perspective}},
  author    = {Kruschke, John K and Liddell, Torrin M},
  journal   = {Psychonomic Bulletin \& Review},
  volume    = {25},
  doi       = {10.3758/s13423-016-1221-4},
  number    = {1},
  pages     = {178--206},
  year      = {2018},
  publisher = {Springer}
}
@article{Kaan2002,
  title     = {Investigating the effects of distance and number interference in processing subject-verb dependencies: An {ERP} study},
  author    = {Kaan, Edith},
  journal   = {Journal of Psycholinguistic Research},
  doi       = {10.1023/A:1014978917769},
  volume    = {31},
  number    = {2},
  pages     = {165--193},
  year      = {2002},
  publisher = {Springer}
}
@book{KahnemanEtAl82,
  title     = {Judgment under uncertainty: Heuristics and biases},
  author    = {Kahneman, Daniel and Slovic, Stewart Paul and Slovic, Paul and Tversky, Amos},
  year      = {1982},
  publisher = {Cambridge University Press},
  address = {Cambridge, UK}
}
@phdthesis{Kelepir2001,
  title   = {Topics in Turkish syntax: Clausal structure and scope},
  author  = {Kelepir, Meltem},
  year    = {2001},
  school  = {Massachusetts Institute of Technology},
  address = {Cambridge, MA}
}

@phdthesis{Keller2000,
  title   = {Gradience in {G}rammar: {E}xperimental and computational aspects of degrees of grammaticality},
  author  = {Keller, Frank},
  year    = {2000},
  school  = {University of Edinburgh},
  address = {Edinburgh, UK}
}
@article{Kim99,
  title     = {The effects of case marking information on {K}orean sentence processing},
  author    = {Kim, Youngjin},
  journal   = {Language and Cognitive Processes},
  volume    = {14},
  number    = {5-6},
  doi       = {10.1080/016909699386239},
  pages     = {687--714},
  year      = {1999},
  publisher = {Taylor \& Francis}
}

@incollection{Kornfilt:2011,
  author    = {Jaklin Kornfilt},
  editor    = {Uwe Junghanns and Luka Szucsich},
  title     = {Subject case in {T}urkish nominalized clauses},
  booktitle = {Syntactic structures and morphological information},
  year      = {2011},
  publisher = {De Gruyter Mouton},
  doi       = {10.1515/9783110904758.129},
  address = {Berlin, Germany},
  pages     = {129--216}
}

@phdthesis{Kornfilt85,
  title   = {{Case marking, agreement, and empty categories in Turkish}},
  author  = {Kornfilt, Jaklin},
  year    = {1985},
  school  = {Harvard University},
  address = {Cambridge, MA}
}
@article{Kornfilt97,
  title     = {On the syntax and morphology of relative clauses in {T}urkish},
  author    = {Kornfilt, Jaklin},
  journal   = {Dilbilim Ara{\c{s}}t{\i}rmalar{\i} Dergisi},
  publisher = {{B\"UTEK Bo\u{g}azi\c{c}i E\u{g}itim Turizm Teknopark Uygulama ve Dan. Hiz. San. Tic. A.\c{S}.}},
  volume    = {8},
  pages     = {24--51},
  year      = {1997}
}
@article{KurtzmanMacDonald1993,
  title     = {Resolution of quantifier scope ambiguities},
  author    = {Kurtzman, Howard S and MacDonald, Maryellen C},
  doi       = {10.1016/0010-0277(93)90042-T},
  journal   = {Cognition},
  volume    = {48},
  number    = {3},
  pages     = {243--279},
  year      = {1993},
  publisher = {Elsevier}
}

@inproceedings{KuzgunEtAl2020,
  title        = {On building the largest and cross-linguistic {T}urkish dependency corpus},
  author       = {Kuzgun, Asl{\i} and Cesur, Neslihan and Ar{\i}can, Bilge Nas and {\"O}z{\c{c}}elik, Merve and Mar{\c{s}}an, B{\"u}{\c{s}}ra and Kara, Neslihan and Aslan, Deniz Baran and Y{\i}ld{\i}z, Olcay Taner},
  editor = {Hale Yenginer and Ercan Erkalkan and Zehra Aysun Alt{\i}karde\c{s} and Erkan Dursun and B{\"u}lent Bolat and Banu Diri and Hayriye Korkmaz and T{\"u}lay Y{\i}ld{\i}r{\i}m},
  booktitle    = {Proceedings of Innovations in Intelligent Systems and Applications Conference (ASYU)},
  pages        = {1--6},
  doi = {10.1109/ASYU50717.2020.9259873},
  year         = {2020},
  publisher = {IEEE},
  address = {Piscataway, NJ}
}

@article{KwonSturt2016,
  title     = {Attraction effects in honorific agreement in {K}orean},
  author    = {Kwon, Nayoung and Sturt, Patrick},
  doi       = {10.3389/fpsyg.2016.01302},
  journal   = {Frontiers in Psychology},
  volume    = {7},
  pages     = {1302},
  year      = {2016},
  publisher = {Frontiers}
}

@article{LagoEtAl2015,
  title   = {Agreement attraction in {S}panish comprehension},
  journal = {Journal of Memory and Language},
  volume  = {82},
  pages   = {133--149},
  year    = {2015},
  doi     = {10.1016/j.jml.2015.02.002},
  author  = {Sol Lago and Diego E. Shalom and Mariano Sigman and Ellen F. Lau and Colin Phillips}
}


@article{LagoEtAl2019,
  author    = {Lago, Sol and Gra\v{c}anin--Yuksek, Martina and \c{S}afak, Duygu Fatma and Demir, Orhan and K{\i}rk{\i}c{\i}, Bilal and Felser, Claudia},
  title     = {Straight from the horse's mouth: {A}greement attraction effects with {T}urkish possessors},
  journal   = {Linguistic Approaches to Bilingualism},
  year      = {2019},
  volume    = {9},
  number    = {3},
  pages     = {398--426},
  doi       = {10.1075/lab.17019.lag},
  publisher = {John Benjamins},
  type      = {Journal Article}
}

@article{LagoEtAl2021,
  author  = {Lago, Sol and Acu{\~n}a-Fari{\~n}a, Carlos and Meseguer, Enrique},
  title   = {{The reading signatures of agreement attraction}},
  journal = {Open Mind},
  volume  = {5},
  pages   = {132--153},
  year    = {2021},
  month   = {11},
  doi     = {10.1162/opmi\_a\_00047}
}

@article{LagoFelser:2018,
  title     = {Agreement attraction in native and nonnative speakers of {G}erman},
  volume    = {39},
  doi       = {10.1017/S0142716417000601},
  number    = {3},
  journal   = {Applied Psycholinguistics},
  publisher = {Cambridge University Press},
  author    = {Lago, Sol and Felser, Claudia},
  year      = {2018},
  pages     = {619--647}
}

@article{Lamers2007,
  title     = {Verb type, animacy and definiteness in grammatical function disambiguation},
  author    = {Lamers, Monique JA},
  journal   = {Linguistics in the Netherlands},
  volume    = {24},
  number    = {1},
  doi       = {10.1075/avt.24.13lam},
  pages     = {125--137},
  year      = {2007},
  publisher = {John Benjamins}
}

@article{LeeEtal2018,
  title     = {Determining informative priors for cognitive models},
  author    = {Lee, Michael D and Vanpaemel, Wolf},
  journal   = {Psychonomic Bulletin \& Review},
  volume    = {25},
  number    = {1},
  doi       = {10.3758/s13423-017-1238-3},
  pages     = {114--127},
  year      = {2018},
  publisher = {Springer}
}

@book{Levelt74,
author = {Levelt, Willem JM},
title = {Formal grammars in linguistics and psycholinguistics},
year = {1974},
publisher = {De Gruyter Mouton},
address = {Berlin, Germany}
}



@inproceedings{Levy2008,
  title     = {A noisy-channel model of human sentence comprehension under uncertain input},
  address = {Honolulu, HI},
  author    = {Levy, Roger},
  editor    = {Mirella Lapata and Hwee Tou Ng},
  booktitle = {Proceedings of the 2008 conference on {E}mpirical {M}ethods in {N}atural {L}anguage {P}rocessing},
  pages     = {234--243},
  year      = {2008},
  publisher = {Association for Computational Linguistics}
}

@inproceedings{Levy2011,
  title     = {Integrating surprisal and uncertain-input models in online sentence comprehension: {F}ormal techniques and empirical results},
  address = {Portland, OR},
  author    = {Levy, Roger},
  editor    = {Dekang Lin and Yuji Matsumoto and Rada Mihalcea},
  booktitle = {Proceedings of the 49th annual meeting of the Association for Computational Linguistics: Human language technologies},
  pages     = {1055--1065},
  publisher = {Association for Computational Linguistics},
  year      = {2011}
}

@article{Lewis70,
  title   = {Turkish grammar},
  author  = {Lewis, Geoffrey L},
  journal = {Foundations of Language},
  volume  = {6},
  number  = {1},
  pages = {122--137},
  year    = {1970}
}

@article{LewisVasishth:2005,
  author  = {Lewis, Richard L. and Vasishth, Shravan},
  title   = {An {A}ctivation--{B}ased {M}odel of {S}entence {P}rocessing as {S}killed {M}emory {R}etrieval},
  journal = {Cognitive Science},
  volume  = {29},
  number  = {3},
  pages   = {375--419},
  year    = {2005},
  doi     = {10.1207/s15516709cog0000\_25}
}


@incollection{LogacevVasishth2012,
  title     = {Case matching and conflicting bindings interference},
  author    = {Loga{\v{c}}ev, Pavel and Vasishth, Shravan},
  booktitle = {Case, word order and prominence},
  doi       = {10.1007/978-94-007-1463-2\_9},
  pages     = {187--216},
  editor      = {Monique Lamers and Peter de Swart},
  year      = {2012},
  publisher = {Springer},
  address = {Dordrecht, The Netherlands}
}


@book{logue,
  title     = {War Music: An Account of Books 1-4 and 16-19 of Homer's Iliad},
  author    = {Logue, Christopher},
  year      = {2003},
  publisher = {University of Chicago Press},
  address   = {Chicago, IL}
}

@article{LorimorEtAl2008,
  title     = {Agreement and attraction in {R}ussian},
  author    = {Lorimor, Heidi and Bock, Kathryn and Zalkind, Ekaterina and Sheyman, Alina and Beard, Robert},
  doi       = {10.1080/01690960701774182},
  journal   = {Language and Cognitive Processes},
  volume    = {23},
  number    = {6},
  pages     = {769--799},
  year      = {2008},
  publisher = {Taylor \& Francis}
}

@book{Luce1986,
    author = {Luce, R. Duncan},
    title = "{Response times: Their role in inferring elementary mental organization}",
    publisher = {Oxford University Press},
    address    = {Oxford, UK},
    year = {1991},
    month = {10}
}


@article{MacDonaldEtAl94,
  title     = {The lexical nature of syntactic ambiguity resolution},
  doi       = {10.1037/0033-295x.101.4.676},
  author    = {MacDonald, Maryellen C and Pearlmutter, Neal J and Seidenberg, Mark S},
  journal   = {Psychological review},
  volume    = {101},
  number    = {4},
  pages     = {676--703},
  year      = {1994},
  publisher = {American Psychological Association}
}
@book{MacmillanCreelman2005,
  address   = {Mahwah, NJ},
  title     = {Detection {Theory}: {A} {u}ser's {g}uide},
  publisher = {Lawrence Erlbaum Associates, Inc., Publishers},
  author    = {Macmillan, Neil A. and Creelman, C. Douglas},
  year      = {2005}
}

@article{Morey2008,
  title   = {Confidence intervals from normalized data: {A} correction to {C}ousineau (2005)},
  author  = {Morey, Richard D},
  journal = {Reason},
  volume  = {4},
  number  = {2},
  doi     = {10.20982/tqmp.04.2.p061},
  pages   = {61--64},
  year    = {2008}
}


@article{NicenboimVasishth:2016,
  author  = {Nicenboim, Bruno and Vasishth, Shravan},
  title   = {Statistical methods for linguistic research: {F}oundational ideas—-{P}art {II}},
  journal = {Language and Linguistics Compass},
  volume  = {10},
  number  = {11},
  year    = {2016},
  pages   = {591-613},
  doi     = {10.1111/lnc3.12207}
}

@incollection{NicolAnton2009,
  title     = {The effect of case marking on subject--verb agreement errors in {E}nglish},
  author    = {Nicol, Janet and Ant{\'o}n-M{\'e}ndez, In{\'e}s},
  booktitle   = {Time and again: Theoretical perspectives on formal linguistics in honor of D. Terence Langendoen},
  pages     = {135--150},
  doi = {10.1075/la.135.10nic},
  year      = {2009},
  publisher = {John Benjamins Publishing},
  address    = {Amsterdam, The Netherlands},
  editor = {William D. Lewis and Simin Karimi and Heidi Harley and Scott O. Farrar}
}

@article{NicolEtAl:2016,
  author  = {Nicol, Janet L. and Barss, Andrew and Barker, Jason E.},
  title   = {Minimal interference from possessor phrases in the production of subject--verb agreement},
  journal = {Frontiers in Psychology},
  volume  = {7},
  number = {548},
  pages   = {1--12},
  year    = {2016},
  doi     = {10.3389/fpsyg.2016.00548}
}

@article{NicolEtAl1997,
  title   = {Subject-verb agreement processes in comprehension},
  journal = {Journal of Memory and Language},
  volume  = {36},
  number  = {4},
  pages   = {569--587},
  year    = {1997},
  doi     = {10.1006/jmla.1996.2497},
  author  = {Janet L. Nicol and K.I. Forster and C. Veres}
}

@R{NozariOmaki2022,
  title        = {An investigation of the dependency of subject--verb agreement on inhibitory control processes in sentence production},
  author       = {Nozari, Nazbanou and Omaki, Akira},
  year         = {2022},
  note = {Retrieved from https://psyarxiv.com/9pcmg/}
}

@mastersthesis{Ozay20,
  title   = {Mismatches in subject verb agreement: The processing perspective},
  author  = {{\"O}zay, Ay{\c{s}}e G{\"u}l},
  year    = {2020},
  school  = {Middle East Technical University},
  address = {Ankara, T\"urkiye}
}

@article{OzgeEtAl2019,
  title     = {Why wait for the verb? {T}urkish speaking children use case markers for incremental language comprehension},
  author    = {{\"O}zge, Duygu and K{\"u}ntay, Aylin and Snedeker, Jesse},
  journal   = {Cognition},
  doi       = {10.1016/j.cognition.2018.10.026},
  volume    = {183},
  pages     = {152--180},
  year      = {2019},
  publisher = {Elsevier}
}
@article{Ozsoy94,
  title     = {T{\"u}rk{\c{c}}ede orta{\c{c}} yap{\i}s{\i}},
  author    = {{\"O}zsoy, A Sumru},
  journal   = {{Dilbilim Ara\c{s}t{\i}rmalar{\i} Dergisi}},
  publisher = {{B\"UTEK Bo\u{g}azi\c{c}i E\u{g}itim Turizm Teknopark Uygulama ve Dan. Hiz. San. Tic. A.\c{S}.}},
  volume    = {5},
  number    = {21},
  pages     = {21--30},
  year      = {1994}
}
@article{OzturkTaylan2016,
  title     = {Possessive constructions in {T}urkish},
  author    = {{\"O}zt{\"u}rk, Balk{\i}z and Taylan, Eser Erguvanl{\i}},
  journal   = {Lingua},
  doi       = {10.1016/j.lingua.2015.08.008},
  volume    = {182},
  pages     = {88--108},
  year      = {2016},
  publisher = {Elsevier}
}

@article{PaspaliMarinis2020,
  title     = {Gender agreement attraction in {G}reek comprehension},
  author    = {Paspali, Anastasia and Marinis, Theodoros},
  journal   = {Frontiers in Psychology},
  doi       = {10.3389/fpsyg.2020.00717},
  volume    = {11},
  number    = {717},
  pages     = {1--22},
  year      = {2020},
  publisher = {Frontiers}
}

@article{PatsonEtAl2009,
  title     = {Lingering misinterpretations in garden-path sentences: Evidence from a paraphrasing task},
  author    = {Patson, Nikole D and Darowski, Emily S and Moon, Nicole and Ferreira, Fernanda},
  journal   = {Journal of Experimental Psychology: Learning, Memory, and Cognition},
  volume    = {35},
  number    = {1},
  doi       = {10.1037/a0014276},
  pages     = {280--285},
  year      = {2009},
  publisher = {American Psychological Association}
}

@article{PatsonHusband2016,
  title     = {Misinterpretations in agreement and agreement attraction},
  author    = {Patson, Nikole D and Husband, E Matthew},
  journal   = {Quarterly Journal of Experimental Psychology},
  volume    = {69},
  number    = {5},
  pages     = {950--971},
  doi       = {10.1080/17470218.2014.992445},
  year      = {2016},
  publisher = {SAGE Publications Sage UK: London, England}
}
@article{Pearlmutter2000,
  title     = {Linear versus hierarchical agreement feature processing in comprehension},
  author    = {Pearlmutter, Neal J},
  journal   = {Journal of Psycholinguistic Research},
  doi       = {10.1023/A:1005128624716},
  volume    = {29},
  number    = {1},
  pages     = {89--98},
  year      = {2000},
  publisher = {Springer}
}

@article{PearlmutterGarnseyBock:1999,
  title   = {Agreement processes in sentence comprehension},
  journal = {Journal of Memory and Language},
  volume  = {41},
  number  = {3},
  pages   = {427--456},
  year    = {1999},
  doi     = {10.1006/jmla.1999.2653},
  author  = {Neal J. Pearlmutter and Susan M. Garnsey and Kathryn Bock}
}


@inproceedings{Pfau2003,
  title     = {Defective feature copy and anti-agreement in language production},
  author    = {Pfau, Roland},
  booktitle   = {The role of agreement in natural language: TLS 5 Proceedings},
  pages     = {95--108},
  year      = {2003},
  publisher = {Texas Linguistic Forum 53},
  address = {Austin, TX},
  editor = {Griffin, W.E.}
}


@article{PhillipsEtAl:2011,
  author    = {Phillips, Colin and Wagers, Matthew and Lau, Ellen F.},
  journal   = {Syntax and Semantics 37: Experiments at the Interfaces},
  number    = {2011},
  publisher = {Brill},
  address   = {Leiden, The Netherlands},
  doi       = {10.1163/9781780523750\_006},
  pages     = {147--180},
  title     = {{Grammatical Illusions and Selective Fallibility in Real-Time Language Comprehension}},
  year      = {2011}
}


@article{PhillipsLasnik03,
  journal = {Trends in Cognitive Sciences},
  doi     = {10.1016/s1364-6613(02)00046-3},
  pages   = {61--62},
  title   = {Linguistics and Empirical Evidence},
  number  = {2},
  year    = {2003},
  author  = {Colin Phillips and Howard Lasnik},
  volume  = {7}
}
@book{Pinker1989,
  title     = {Learnability and {c}ognition},
  year      = {1989},
  author    = {Pinker, S},
  publisher = {The MIT Press},
  address   = {Cambridge, MA}
}

@incollection{Progovac98,
    author = {Ljiljana Progovac},
    editor = {Lisa Cheng and Rint Sybesma},
    doi = {10.1515/9783110890952.241},
    title = {Structure for coordination},
    booktitle = {The second Glot International state-of-the-article book: The latest in linguistics},
    year = {2014},
    publisher = {De Gruyter Mouton},
    address = {Berlin, Germany},
    pages = {241--288}
}
@book{QuirkEtAl1972,
  title     = {A {g}rammar of {C}ontemporary {E}nglish},
  author    = {Quirk, Randolph and Greenbaum, Sidney and Leech, Geoffrey Neil and Svartvik, Jan},
  year      = {1972},
  publisher = {Longman Publishing Group},
  address = {Essex, England}
}

@R{R-base,
  title        = {{\it R: A language and environment for statistical computing}},
  author       = {{R Core Team}},
  year         = {2020},
  note          = {https://www.R-project.org/}
}

@article{R-bayesplot,
  title   = {Visualization in {B}ayesian workflow},
  author  = {Jonah Gabry and Daniel Simpson and Aki Vehtari and Michael Betancourt and Andrew Gelman},
  year    = {2019},
  journal = {Journal of the Royal Statistics in Society Series A},
  volume  = {182},
  issue   = {2},
  pages   = {389--402},
  doi     = {10.1111/rssa.12378}
}

@article{R-brms_a,
  title    = {{brms}: An {R} Package for {Bayesian} Multilevel Models Using {Stan}},
  author   = {Paul-Christian Bürkner},
  journal  = {Journal of Statistical Software},
  year     = {2017},
  volume   = {80},
  number   = {1},
  pages    = {1--28},
  doi      = {10.18637/jss.v080.i01},
  encoding = {UTF-8}
}

@article{R-brms_b,
  title    = {Advanced {Bayesian} Multilevel Modeling with the {R} Package {brms}},
  author   = {Paul-Christian Bürkner},
  journal  = {The R Journal},
  year     = {2018},
  volume   = {10},
  number   = {1},
  pages    = {395--411},
  doi      = {10.32614/RJ-2018-017},
  encoding = {UTF-8}
}

@R{R-cowplot,
  title  = {{\it cowplot: Streamlined plot theme and plot annotations for `ggplot2'}},
  author = {Claus O. Wilke},
  year   = {2020},
  note   = {https://CRAN.R-project.org/package=cowplot}
}

@R{R-data.table,
  title  = {{\it data.table: Extension of `data.frame'}},
  author = {Matt Dowle and Arun Srinivasan},
  year   = {2021},
  note    = {https://CRAN.R-project.org/package=data.table}
}

@R{R-dplyr,
  title  = {{\it dplyr: A grammar of data manipulation}},
  author = {Hadley Wickham and Romain François and Lionel Henry and Kirill Müller},
  year   = {2022},
  note    = {https://CRAN.R-project.org/package=dplyr}
}

@R{R-gdata,
  title  = {{\it gdata: Various R programming tools for data manipulation}},
  author = {Gregory R. Warnes and Ben Bolker and Gregor Gorjanc and Gabor Grothendieck and Ales Korosec and Thomas Lumley and Don MacQueen and Arni Magnusson and Jim Rogers},
  year   = {2017},
  note    = {https://CRAN.R-project.org/package=gdata}
}

@R{R-gganimate,
  title  = {{\it gganimate: A grammar of animated graphics}},
  author = {Thomas Lin Pedersen and David Robinson},
  year   = {2020},
  note    = {https://CRAN.R-project.org/package=gganimate}
}

@R{R-ggdist,
  title  = {{\it {ggdist}: Visualizations of distributions and uncertainty}},
  author = {Matthew Kay},
  year   = {2021},
  note    = {https://mjskay.github.io/ggdist/},
}

@book{R-ggplot2,
  author    = {Hadley Wickham},
  title     = {ggplot2: Elegant graphics for data analysis},
  publisher = {Springer},
  address = {New York, NY},
  year      = {2016},
}

@article{R-ggstatsplot,
  doi       = {10.21105/joss.03167},
  year      = {2021},
  publisher = {{The Open Journal}},
  volume    = {6},
  number    = {61},
  pages     = {3167},
  author    = {Indrajeet Patil},
  title     = {{Visualizations with statistical details: The {'ggstatsplot'} approach}},
  journal   = {{Journal of Open Source Software}}
}

@R{R-here,
  title  = {{\it here: A simpler way to find your files}},
  author = {Kirill Müller},
  year   = {2020},
  note    = {https://CRAN.R-project.org/package=here}
}

@R{R-knitcitations,
  title  = {{\it knitcitations: Citations for `knitr' Markdown files}},
  author = {Carl Boettiger},
  year   = {2021},
  note    = {https://CRAN.R-project.org/package=knitcitations}
}


@book{R-knitr,
  title     = {{\it Dynamic documents with {R} and knitr}},
  author    = {Yihui Xie},
  publisher = {Chapman and Hall/CRC},
  address   = {Boca Raton, FL},
  year      = {2015}
}

@R{R-magrittr,
  title  = {{\it magrittr: A forward-pipe operator for R}},
  author = {Stefan Milton Bache and Hadley Wickham},
  year   = {2022},
  note   = {https://github.com/tidyverse/magrittr}
}

@R{R-pacman,
  title   = {{\it {pacman}: {P}ackage management for {R}}},
  author  = {Tyler W. Rinker and Dason Kurkiewicz},
  year    = {2018},
  note     = {http://github.com/trinker/pacman}
}

@R{R-papaja,
  title  = {{\it {papaja}: {Prepare} reproducible {APA} journal articles with {R Markdown}}},
  author = {Frederik Aust and Marius Barth},
  year   = {2020},
  note    = {https://github.com/crsh/papaja}
}

@R{R-patchwork,
  title  = {{\it patchwork: The composer of plots}},
  author = {Thomas Lin Pedersen},
  year   = {2020},
  note    = {https://CRAN.R-project.org/package=patchwork}
}

@R{R-purrr,
  title  = {{\it purrr: Functional programming tools}},
  author = {Hadley Wickham and Lionel Henry},
  year   = {2021},
  note   = {https://github.com/tidyverse/purrr}
}

@article{R-Rcpp_a,
  title   = {{Rcpp}: Seamless {R} and {C++} Integration},
  author  = {Dirk Eddelbuettel and Romain Fran\c{c}ois},
  journal = {Journal of Statistical Software},
  year    = {2011},
  volume  = {40},
  number  = {8},
  pages   = {1--18},
  doi     = {10.18637/jss.v040.i08}
}

@article{R-Rcpp_b,
  title   = {{Extending 	extit{R} with 	extit{C++}: A Brief Introduction to 	extit{Rcpp}}},
  author  = {Dirk Eddelbuettel and James Joseph Balamuta},
  journal = {The American Statistician},
  year    = {2018},
  volume  = {72},
  number  = {1},
  pages   = {28--36},
  doi     = {10.1080/00031305.2017.1375990}
}

@R{R-rstan,
  title  = {{\it {RStan}: the {R} interface to {Stan}}},
  author = {{Stan Development Team}},
  year   = {2020},
  note    = {http://mc-stan.org/}
}

@R{R-StanHeaders,
  title  = {{\it {StanHeaders}: Headers for the {R} interface to {Stan}}},
  author = {{Stan Development Team}},
  year   = {2020},
  note    = {https://mc-stan.org/}
}
@R{R-tidybayes,
  title  = {{\it {tidybayes}: Tidy data and geoms for {Bayesian} models}},
  author = {Matthew Kay},
  year   = {2020},
  note    = {http://mjskay.github.io/tidybayes/}
}

@R{R-tidyr,
  title  = {{\it tidyr: Tidy messy data}},
  author = {Hadley Wickham},
  year   = {2021},
  note   = {https://github.com/tidyverse/tidyr}
}

@R{R-tinylabels,
  title  = {{\it {tinylabels}: Lightweight variable labels}},
  author = {Marius Barth},
  year   = {2021},
  note    = {https://github.com/mariusbarth/tinylabels}
}

@R{R-yaml,
  title  = {{\it yaml: Methods to convert R data to YAML and back}},
  author = {Jeremy Stephens and Kirill Simonov and Yihui Xie and Zhuoer Dong and Hadley Wickham and Jeffrey Horner and {reikoch} and Will Beasley and Brendan O'Connor and Gregory R. Warnes and Michael Quinn and Zhian N. Kamvar},
  year   = {2022},
  note    = {https://CRAN.R-project.org/package=yaml}
}


@article{RastleDavis2008,
  title     = {Morphological decomposition based on the analysis of orthography},
  author    = {Rastle, Kathleen and Davis, Matthew H},
  journal   = {Language and Cognitive Processes},
  volume    = {23},
  doi       = {10.1080/01690960802069730},
  number    = {7-8},
  pages     = {942--971},
  year      = {2008},
  publisher = {Taylor \& Francis}
}


@article{Ratcliff1978,
  title   = {A theory of memory retrieval},
  volume  = {85},
  doi     = {10.1037/0033-295X.85.2.59},
  number  = {2},
  pages =  {59--108},
  journal = {Psychological Review},
  author  = {Ratcliff, Roger},
  year    = {1978}
}
@article{RisticEtAl:2016,
  author    = {Ristic, Bojana and Molinaro, Nicola and Mancini, Simona},
  title     = {Agreement attraction in {S}erbian: {D}ecomposing markedness},
  journal   = {The Mental Lexicon},
  year      = {2016},
  volume    = {11},
  number    = {2},
  pages     = {242--276},
  doi       = {10.1075/ml.11.2.04ris},
  publisher = {John Benjamins},
  type      = {Journal Article}
}
@article{RotelloEtAl2015,
  title     = {When more data steer us wrong: Replications with the wrong dependent measure perpetuate erroneous conclusions},
  author    = {Rotello, Caren M and Heit, Evan and Dub{\'e}, Chad},
  journal   = {Psychonomic Bulletin \& Review},
  volume    = {22},
  number    = {4},
  doi       = {10.3758/s13423-014-0759-2},
  pages     = {944--954},
  year      = {2015},
  publisher = {Springer}
}

@R{RyskinEtAl2021,
  title        = {Agreement errors are predicted by rational inference in sentence processing},
  author       = {Ryskin, Rachel and Bergen, Leon and Gibson, Edward},
  year         = {2021},
  note = {Retrieved from https://psyarxiv.com/uaxsq/}
}
@phdthesis{Sag,
  title   = {The semantics of number marking: Reference to kinds, counting, and optional classifiers},
  author  = {Sa\u{g}, Ya\u{g}mur},
  year    = {2019},
  school  = {Rutgers University},
  address = {New Brunswick, NJ}
}

@article{SchlueterEtAl2019,
  author  = {Schlueter, Zoe and Parker, Dan and Lau, Ellen},
  title   = {{Error-driven retrieval in agreement attraction rarely leads to misinterpretation}},
  journal = {Frontiers in Psychology},
  volume  = {10},
  number   = {1002},
  pages = {1--15},
  year    = {2019},
  doi     = {10.3389/fpsyg.2019.01002}
}

@article{SchreuderBaayen97,
  title     = {How complex simplex words can be},
  author    = {Schreuder, Robert and Baayen, R Harald},
  journal   = {Journal of Memory and Language},
  volume    = {37},
  doi       = {10.1006/jmla.1997.2510},
  number    = {1},
  pages     = {118--139},
  year      = {1997},
  publisher = {Elsevier}
}
@article{Slioussar2018,
  title     = {Forms and features: The role of syncretism in number agreement attraction},
  author    = {Slioussar, Natalia},
  journal   = {Journal of Memory and Language},
  volume    = {101},
  doi       = {10.1016/j.jml.2018.03.006},
  pages     = {51--63},
  year      = {2018},
  publisher = {Elsevier}
}
@article{SlioussarMalko2016,
  title     = {Gender agreement attraction in {R}ussian: {P}roduction and comprehension evidence},
  author    = {Slioussar, Natalia and Malko, Anton},
  journal   = {Frontiers in Psychology},
  volume    = {7},
  doi       = {10.3389/fpsyg.2016.01651},
  number     = {1651},
  pages = {1--20},
  year      = {2016},
  publisher = {Frontiers}
}
@article{SM86,
  title     = {Form-oriented inflectional errors in language processing},
  author    = {Stemberger, Joseph Paul and MacWhinney, Brian},
  journal   = {Cognitive Psychology},
  volume    = {18},
  number    = {3},
  doi       = {10.1016/0010-0285(86)90003-4},
  pages     = {329--354},
  year      = {1986},
  publisher = {Elsevier}
}

@article{SmithEtAl2018,
  title     = {A self-organizing approach to subject--verb number agreement},
  author    = {Smith, Garrett and Franck, Julie and Tabor, Whitney},
  journal   = {Cognitive Science},
  volume    = {42},
  issue           = {S4},
  doi             = {10.1111/cogs.12591},
  pages     = {1043--1074},
  year      = {2018},
  publisher = {Wiley Online Library}
}

@article{SmithEtAl2021,
  title     = {Encoding interference effects support self-organized sentence processing},
  author    = {Smith, Garrett and Franck, Julie and Tabor, Whitney},
  journal   = {Cognitive Psychology},
  doi             = {10.1016/j.cogpsych.2020.101356},
  volume    = {124},
  pages     = {101356},
  year      = {2021},
  publisher = {Elsevier}
}

@article{SmithVasishth:2020,
  author  = {Smith, Garrett and Vasishth, Shravan},
  title   = {A {P}rincipled {A}pproach to {F}eature {S}election in {M}odels of {S}entence {P}rocessing},
  journal = {Cognitive Science},
  volume  = {44},
  number  = {12},
  year    = {2020},
  pages   = {e12918},
  doi     = {10.1111/cogs.12918}
}

@article{SolomonPearlmutter2004,
  title     = {Semantic integration and syntactic planning in language production},
  doi       = {10.1016/j.cogpsych.2003.10.001},
  author    = {Solomon, Eric S and Pearlmutter, Neal J},
  journal   = {Cognitive Psychology},
  volume    = {49},
  number    = {1},
  pages     = {1--46},
  year      = {2004},
  publisher = {Elsevier}
}

@article{SprouseAlmeida2017,
  title     = {Design sensitivity and statistical power in acceptability judgment experiments},
  author    = {Sprouse, Jon and Almeida, Diogo},
  journal   = {Glossa: a journal of general linguistics},
  volume    = {2},
  doi             = {10.5334/gjgl.236},
  number    = {1},
  pages = {1--32},
  year      = {2017},
  publisher = {Open Library of Humanities}
}

@article{Starke2010,
  title   = {Nanosyntax: A short primer to a new approach to language},
  author  = {Starke, Michal},
  journal = {Nordlyd},
  doi = {10.7557/12.213},
  volume  = {36},
  number  = {1},
  pages   = {1--6},
  year    = {2010}
}

@article{statsExpressions,
  doi       = {10.21105/joss.03236},
  year      = {2021},
  publisher = {{The Open Journal}},
  volume    = {6},
  number    = {61},
  pages     = {3236},
  author    = {Indrajeet Patil},
  title     = {{statsExpressions: {R} Package for Tidy Dataframes and Expressions with Statistical Details}},
  journal   = {{Journal of Open Source Software}}
}

@article{Staub:2007,
  title     = {The return of the repressed: Abandoned parses facilitate syntactic reanalysis},
  author    = {Staub, Adrian},
  journal   = {Journal of Memory and Language},
  volume    = {57},
  number    = {2},
  doi             = {10.1016/j.jml.2006.09.001},
  pages     = {299--323},
  year      = {2007},
  publisher = {Elsevier}
}

@article{Staub2009,
  title   = {On the interpretation of the number attraction effect: {R}esponse time evidence},
  journal = {Journal of Memory and Language},
  volume  = {60},
  number  = {2},
  pages   = {308--327},
  year    = {2009},
  doi     = {10.1016/j.jml.2008.11.002},
  author  = {Adrian Staub}
}

@article{SturtEtAl2004,
  title     = {Linguistic focus and good-enough representations: An application of the change-detection paradigm},
  doi             = {10.3758/BF03196716},
  author    = {Sturt, Patrick and Sanford, Anthony J and Stewart, Andrew and Dawydiak, Eugene},
  journal   = {Psychonomic Bulletin \& Review},
  volume    = {11},
  number    = {5},
  pages     = {882--888},
  year      = {2004},
  publisher = {Springer}
}

@inproceedings{SulubacakEtAl2016,
  title     = {Universal Dependencies for {T}urkish},
  author    = {Sulubacak, Umut  and
               G{\"o}k{\i}rmak, Memduh  and
               Tyers, Francis  and
               {\c{C}}{\"o}ltekin, {\c{C}}a{\u{g}}r{\i}  and
               Nivre, Joakim  and
               Eryi{\u{g}}it, G{\"u}l{\c{s}}en},
  booktitle = {Proceedings of {COLING} 2016, the 26th International Conference on Computational Linguistics: Technical papers},
  month     = dec,
  editor    = {Yuji Matsumoto and Rashmi Prasad},
  year      = {2016},
  address   = {Osaka, Japan},
  publisher = {The COLING 2016 Organizing Committee},
  pages     = {3444--3454}
}
@article{Taraldsen2010,
  title     = {The nanosyntax of {N}guni noun class prefixes and concords},
  author    = {Taraldsen, Knut Tarald},
  doi             = {10.1016/j.lingua.2009.10.004},
  journal   = {Lingua},
  volume    = {120},
  number    = {6},
  pages     = {1522--1548},
  year      = {2010},
  publisher = {Elsevier}
}
@article{tidyverse,
  title   = {Welcome to the Tidyverse},
  author  = {Wickham, Hadley and Averick, Mara and Bryan, Jennifer and Chang, Winston and McGowan, Lucy D'Agostino and Fran{\c{c}}ois, Romain and Grolemund, Garrett and Hayes, Alex and Henry, Lionel and Hester, Jim},
  journal = {Journal of Open Source Software},
  volume  = {4},
  number  = {43},
  pages   = {1686},
  year    = {2019}
}
@book{TownsendBever2001,
  title     = {Sentence comprehension: The integration of habits and rules},
  author    = {Townsend, David J and Bever, Thomas G},
  year      = {2001},
  publisher = {The MIT Press},
  address = {Cambridge, MA}
}
@inproceedings{TrueswellTanenhaus94,
  title     = {Toward a lexicalist framework of constraint-based syntactic ambiguity resolution},
  author    = {Trueswell, John C and Tanenhaus, Michael K},
  year      = {1994},
  pages           = {155--179},
  booktitle={Perspectives on sentence processing},
  editor          = {Clifton, C. Jr. and Frazier, L. and Rayner, K.},
  publisher = {Psychology Press},
  address = {New York, NY}
}
@article{TuckerEtAl:2015,
  author  = {Tucker, Matthew A. and Idrissi, Ali and Almeida, Diogo},
  title   = {Representing number in the real-time processing of agreement: {S}elf-paced reading evidence from {A}rabic},
  journal = {Frontiers in Psychology},
  volume  = {6},
  number   = {347},
  pages = {1--21},
  year    = {2015},
  doi     = {10.3389/fpsyg.2015.00347}
}
@inproceedings{TurkEtAl2019b,
  title     = {Improving the annotations in the {T}urkish {U}niversal {D}ependency treebank},
  author    = {T{\"u}rk, Utku and Atmaca, Furkan and {\"O}zate{\c{s}}, {\c{S}}aziye Bet{\"u}l and {\"O}zt{\"u}rk, Balk{\i}z and G{\"u}ng{\"o}r, Tunga and {\"O}zg{\"u}r, Arzucan},
  booktitle = {Proceedings of the Third Workshop on Universal Dependencies (UDW, SyntaxFest 2019)},
  pages     = {108--115},
  year      = {2019},
  editor          = {Rademaker, A. and Tyers, F.},
  address    = {Paris, France},
  publisher = {Association for Computational Linguistics}
}
@article{TurkEtAl2021,
  title   = {Resources for {Turkish} dependency parsing: introducing the {BOUN} {Treebank} and the {BoAT} annotation tool},
  pages           = {259--307},
  volume          = {56},
  url     = {https://doi.org/10.1007/s10579-021-09558-0},
  doi     = {10.1007/s10579-021-09558-0},
  journal = {Language Resources and Evaluation},
  author  = {T{\"u}rk, Utku and Atmaca, Furkan and {\"O}zate{\c{s}}, {\c{S}}aziye Bet{\"u}l and Berk, G\"{o}zde and Bedir, Seyyit Talha and K\"{o}ksal, Abdullatif and Ba\c{s}aran, Balk{\i}z {\"O}zt{\"u}rk and G{\"u}ng{\"o}r, Tunga and {\"O}zg{\"u}r, Arzucan},
  month   = nov,
  year    = {2021}
}
@misc{TurkLogacev2020,
  address = {Amherst, MA},
  title   = {The role of shallow processing in agreement attraction},
  doi     = {10.17605/osf.io/X9PV7},
  author  = {T{\"u}rk, Utku and Loga\v{c}ev, Pavel},
  year    = {2020},
  annote  = {{Poster presented at 33rd Annual CUNY Conference on Human Sentence Processing}}
}


@book{VanBuuren2018,
  title     = {Flexible {i}mputation of {m}issing {d}ata},
  author    = {Van Buuren, Stef},
  year      = {2018},
  publisher = {Chapman and Hall/CRC},
  address   = {Boca Raton, FL}
}
@article{VanHertenEtAl2006,
  title     = {When heuristics clash with parsing routines: {ERP} evidence for conflict monitoring in sentence perception},
  author    = {Van Herten, Marieke and Chwilla, Dorothee J and Kolk, Herman HJ},
  journal   = {Journal of Cognitive Neuroscience},
  doi             = {10.1162/jocn.2006.18.7.1181},
  volume    = {18},
  number    = {7},
  pages     = {1181--1197},
  year      = {2006},
  publisher = {The MIT Press}
}
@article{VasishthEtAl2010,
  title    = {Short-term forgetting in sentence comprehension: {Crosslinguistic} evidence from verb-final structures},
  volume   = {25},
  doi      = {10.1080/01690960903310587},
  number   = {February 2015},
  journal  = {Language and Cognitive Processes},
  author   = {Vasishth, Shravan and Suckow, Katja and Lewis, Richard L. and Kern, Sabine},
  year     = {2010},
  keywords = {Working memory, Sentence comprehension, Ungrammatical embeddings},
  pages    = {533--567}
}
@article{VasishthEtAl2018,
  title     = {The statistical significance filter leads to overoptimistic expectations of replicability},
  author    = {Vasishth, Shravan and Mertzen, Daniela and J{\"a}ger, Lena A and Gelman, Andrew},
  journal   = {Journal of Memory and Language},
  doi             = {10.1016/j.jml.2018.07.004},
  volume    = {103},
  pages     = {151--175},
  year      = {2018},
  publisher = {Elsevier}
}
@article{ViglioccoEtAl95,
  title     = {Constructing subject-verb agreement in speech: The role of semantic and morphological factors},
  author    = {Vigliocco, Gabriella and Butterworth, Brian and Semenza, Carlo},
  journal   = {Journal of Memory and Language},
  volume    = {34},
  doi             = {10.1006/jmla.1995.1009},
  number    = {2},
  pages     = {186--215},
  year      = {1995},
  publisher = {Elsevier}
}
@article{ViglioccoEtAl96,
  title     = {Subject-verb agreement in {S}panish and {E}nglish: Differences in the role of conceptual constraints},
  author    = {Vigliocco, Gabriella and Butterworth, Brian and Garrett, Merrill F},
  journal   = {Cognition},
  doi             = {10.1016/S0010-0277(96)00713-5},
  volume    = {61},
  number    = {3},
  pages     = {261--298},
  year      = {1996},
  publisher = {Elsevier}
}

@article{ViglioccoEtAl96b,
  title     = {One or more labels on the bottles? {N}otional concord in {D}utch and {F}rench},
  author    = {Vigliocco, Gabriella and Hartsuiker, Robert J. and Jerema, Gonia and Kolk, Herman H.J.},
  journal   = {Language and Cognitive Processes},
  volume    = {11},
  number    = {4},
  doi             = {10.1080/016909696387169},
  pages     = {407--442},
  year      = {1996},
  publisher = {Taylor \& Francis}
}

@article{VillataEtAl2018,
  title     = {Encoding and retrieval interference in sentence comprehension: Evidence from agreement},
  author    = {Villata, Sandra and Tabor, Whitney and Franck, Julie},
  journal   = {Frontiers in Psychology},
  doi             = {10.3389/fpsyg.2018.00002},
  volume    = {9},
  number     = {2},
  pages = {1--16},
  year      = {2018},
  publisher = {Frontiers}
}
@article{WagersEtAl:2009,
  title   = {Agreement attraction in comprehension: {R}epresentations and processes},
  journal = {Journal of Memory and Language},
  volume  = {61},
  number  = {2},
  pages   = {206--237},
  year    = {2009},
  doi     = {10.1016/j.jml.2009.04.002},
  author  = {Matthew W. Wagers and Ellen F. Lau and Colin Phillips}
}
@article{Yamashita97,
  title     = {The effects of word-order and case marking information on the processing of {J}apanese},
  author    = {Yamashita, Hiroko},
  journal   = {Journal of Psycholinguistic Research},
  doi             = {10.1023/A:1025009615473},
  volume    = {26},
  number    = {2},
  pages     = {163--188},
  year      = {1997},
  publisher = {Springer}
}

@inproceedings{Yukseker98,
  title     = {Possessive constructions in {T}urkish},
  author    = {Y{\"u}kseker, Hitay},
  editor          = {Lars Johanson and {\'E}va {\'A}gnes Csat{\'o} and Vanessa Locke and Astrid Menz and Dorothea Winterling},
  booktitle = {The Mainz meeting: Proceedings of the 7th International Conference of Turkish linguistics},
  pages     = {458--477},
  publisher = {Otto Harrassowitz},
  address = {Wiesbaden, Germany},
  year      = {1998}
}
